<record><leader>00000cas a2200000 a 4500</leader><controlfield tag="001">12219304</controlfield><controlfield tag="008">850701d19051906ksuwr ne      0    0eng d</controlfield><datafield ind1=" " ind2=" " tag="010"><subfield code="a">sn 85030640 </subfield></datafield><datafield ind1=" " ind2=" " tag="040"><subfield code="a">KSH</subfield><subfield code="b">eng</subfield><subfield code="c">KSH</subfield><subfield code="d">NPT</subfield><subfield code="d">OCL</subfield><subfield code="d">OCLCQ</subfield></datafield><datafield ind1=" " ind2=" " tag="042"><subfield code="a">msc</subfield></datafield><datafield ind1="0" ind2="4" tag="245"><subfield code="a">The Sawyer saw.</subfield></datafield><datafield ind1=" " ind2=" " tag="260"><subfield code="a">Sawyer, Kan. :</subfield><subfield code="b">H.H. Holmes,</subfield><subfield code="c">1905-</subfield></datafield><datafield ind1=" " ind2=" " tag="300"><subfield code="a">v. :</subfield><subfield code="b">ill. ;</subfield><subfield code="c">50 cm.</subfield></datafield><datafield ind1=" " ind2=" " tag="310"><subfield code="a">Weekly</subfield></datafield><datafield ind1="0" ind2=" " tag="362"><subfield code="a">Vol. 1, no. 1 (Oct. 6, 1905)-</subfield></datafield><datafield ind1="1" ind2=" " tag="362"><subfield code="a">Ceased with Sept. 7, 1906 issue?</subfield></datafield><datafield ind1=" " ind2=" " tag="500"><subfield code="a">Published by W.H. Holmes &amp; Co., Dec. 8, 1905-&lt;Sept. 7, 1906&gt;.</subfield></datafield><datafield ind1=" " ind2=" " tag="752"><subfield code="a">United States</subfield><subfield code="b">Kansas</subfield><subfield code="c">Pratt</subfield><subfield code="d">Sawyer.</subfield></datafield><datafield ind1="0" ind2="0" tag="785"><subfield code="t">Sawyer news (Sawyer, Kan. : 1906)</subfield><subfield code="w">(DLC)sn 85030637</subfield></datafield></record>